<?xml version="1.0" encoding="UTF-8"?><record xmlns="http://www.loc.gov/MARC21/slim" xmlns:cinclude="http://apache.org/cocoon/include/1.0" xmlns:zs="http://www.loc.gov/zing/srw/">
  <leader>01422nz  a2200253n  4500</leader>
  <controlfield tag="001">no2015031847</controlfield>
  <controlfield tag="003">DLC</controlfield>
  <controlfield tag="005">20150311073600.0</controlfield>
  <controlfield tag="008">150310n| azannaabn          |a aaa     c</controlfield>
  <datafield tag="010" ind1=" " ind2=" ">
    <subfield code="a">no2015031847</subfield>
  </datafield>
  <datafield tag="035" ind1=" " ind2=" ">
    <subfield code="a">(OCoLC)oca10108079</subfield>
  </datafield>
  <datafield tag="040" ind1=" " ind2=" ">
    <subfield code="a">IEN</subfield>
    <subfield code="b">eng</subfield>
    <subfield code="e">rda</subfield>
    <subfield code="c">IEN</subfield>
  </datafield>
  <datafield tag="046" ind1=" " ind2=" ">
    <subfield code="f">1896</subfield>
    <subfield code="g">1992</subfield>
  </datafield>
  <datafield tag="100" ind1="1" ind2=" ">
    <subfield code="a">Dada, Timothy Talabi,</subfield>
    <subfield code="d">1896-1992</subfield>
  </datafield>
  <datafield tag="370" ind1=" " ind2=" ">
    <subfield code="a">Ota (Ogun State, Nigeria)</subfield>
    <subfield code="c">Nigeria</subfield>
    <subfield code="2">naf</subfield>
  </datafield>
  <datafield tag="372" ind1=" " ind2=" ">
    <subfield code="a">Yoruba (African people)--Politics and government</subfield>
    <subfield code="a">Local government</subfield>
    <subfield code="2">lcsh</subfield>
  </datafield>
  <datafield tag="375" ind1=" " ind2=" ">
    <subfield code="a">male</subfield>
  </datafield>
  <datafield tag="378" ind1=" " ind2=" ">
    <subfield code="q">Timothy Talabi</subfield>
  </datafield>
  <datafield tag="400" ind1="0" ind2=" ">
    <subfield code="a">Alayeluwa Adesoji Ojikutujoye,</subfield>
    <subfield code="b">I,</subfield>
    <subfield code="d">1896-1992</subfield>
  </datafield>
  <datafield tag="400" ind1="1" ind2=" ">
    <subfield code="a">Dada, T. T.</subfield>
    <subfield code="q">(Timothy Talabi),</subfield>
    <subfield code="d">1896-1992</subfield>
  </datafield>
  <datafield tag="400" ind1="1" ind2=" ">
    <subfield code="a">Dada, Talabi,</subfield>
    <subfield code="d">1896-1992</subfield>
  </datafield>
  <datafield tag="400" ind1="1" ind2=" ">
    <subfield code="a">Dada, Timothy Talabi,</subfield>
    <subfield code="c">Olota of Ota,</subfield>
    <subfield code="d">1896-1992</subfield>
  </datafield>
  <datafield tag="670" ind1=" " ind2=" ">
    <subfield code="a">A biography on Oba T. T. Dada, the Olota of Ota, 1989:</subfield>
    <subfield code="b">title page (T.T. Dada) page vi (Oba Timothy Talabi Dada; has occupied Olota's stool for the past 34 years) page vii (Talabi Dada) page 1 (b. in 1896 (by his reckoning) in Ota) page 12 (sold provisions such as sugar, milk, tea, chalk and shoes; by 1935 he had raised enough capital to travel to Europe and expand his business; briefly studied in London, made a fellow of the Royal Geographical Society) page 44 (installed as the new Olota of Ota on 16 Dec. 1954, with the title Alayeluwa Adesoji Ojikutujoye I)</subfield>
  </datafield>
  <datafield tag="670" ind1=" " ind2=" ">
    <subfield code="a">Wikipedia, Mar. 10, 2015:</subfield>
    <subfield code="b">Olota of Ota (Oba Timothy Talabi Dada (1954-1992))</subfield>
  </datafield>
</record>